<?xml version="1.0" encoding="UTF-8"?><collection xmlns="http://www.loc.gov/MARC21/slim"><record><leader>00562nam--2200193-i-4500</leader><controlfield tag="001">000010129</controlfield><controlfield tag="002">20161230</controlfield><controlfield tag="005">20161230201028</controlfield><controlfield tag="008">060222s1000------------r-----000-0-eng-d</controlfield><datafield ind1=" " ind2=" " tag="020"><subfield code="a">0824761138</subfield></datafield><datafield ind1=" " ind2=" " tag="040"><subfield code="a">IFIN-HH</subfield></datafield><datafield ind1=" " ind2=" " tag="080"><subfield code="a">539.124.143:535.853:535.37.539.184.5</subfield></datafield><datafield ind1="1" ind2=" " tag="100"><subfield code="a">Ware, William R</subfield></datafield><datafield ind1="1" ind2="0" tag="245"><subfield code="a">Creation and detection of the excited state</subfield><subfield code="b">Volume 2</subfield><subfield code="c">William r. ware (ed.)</subfield></datafield><datafield ind1=" " ind2=" " tag="260"><subfield code="a">New York,, 1971</subfield><subfield code="b">Marcel Dekker, Inc</subfield><subfield code="c">1971</subfield></datafield><datafield ind1=" " ind2=" " tag="300"><subfield code="a">230P</subfield></datafield><datafield ind1=" " ind2=" " tag="490"><subfield code="a">Series Of Monographs</subfield></datafield><datafield ind1=" " ind2=" " tag="852"><subfield code="a">36627</subfield><subfield code="c">539.18</subfield></datafield><datafield ind1=" " ind2=" " tag="CAT"><subfield code="a">Sys</subfield><subfield code="c">20120702</subfield><subfield code="h">161213</subfield></datafield></record></collection>